<?xml version="1.0" encoding="UTF-8"?><collection xmlns="http://www.loc.gov/MARC21/slim"><record><leader>00405nam--2200121-i-4500</leader><controlfield tag="001">000022344</controlfield><controlfield tag="002">20161230</controlfield><controlfield tag="005">20161230201034</controlfield><controlfield tag="008">060222s1000------------r-----000-0-eng-d</controlfield><datafield ind1=" " ind2=" " tag="100"><subfield code="a">Jagerhuber, Paul Friedrich</subfield></datafield><datafield ind1=" " ind2=" " tag="245"><subfield code="a">Beitrage zur schnellen bestimmung wichtiger radionuclide (89sr, 90sr, 131j und 137cs) in levensmitteln und wasser</subfield></datafield><datafield ind1=" " ind2=" " tag="260"><subfield code="a">Stuttgart, Technische Hochschule, 1963, 121 P</subfield></datafield><datafield ind1=" " ind2=" " tag="852"><subfield code="a">9611</subfield></datafield></record></collection>